@misc{聴覚野,
author="Wikipedia",
title="聴覚野",
howpublished="\url{http://bsd.neuroinf.jp/wiki/聴覚野}"
}
@misc{構造,
author="イヤリングストア",
title="小型補聴器専門店ヒヤリングストアトップ＞耳の構造と聞こえの仕組み",
howpublished="\url{http://hearing-store.com/mechanism.html}"
}